
@book{newton1999,
    Annote = {https://archive.org/details/newtonspmathema00newtrich
},
    Author = {Newton, Isaac},
    Date-Added = {2015-04-06 23:31:22 +0000},
    Date-Modified = {2015-04-06 23:34:24 +0000},
    Publisher = {Univ of California Press},
    Title = {The principia: mathematical principles of natural philosophy},
    Year = {1999}}

@article{shannon1949,
    Author = {Shannon, C.E.},
    Date-Added = {2013-01-17 04:24:11 +0000},
    Date-Modified = {2013-10-30 16:05:34 +0000},
    Doi = {10.1109/JRPROC.1949.232969},
    Issn = {0096-8390},
    Journal = {Proceedings of the IRE},
    Keywords = {Bandwidth;Circuits;Communication systems;Electron tubes;Frequency measurement;Gain measurement;Klystrons;Shape;Telephony;Voltage;},
    Month = {jan.},
    Number = {1},
    Pages = {10 - 21},
    Title = {Communication in the Presence of Noise},
    Volume = {37},
    Year = {1949},
    Bdsk-Url-1 = {http://dx.doi.org/10.1109/JRPROC.1949.232969}}

@article{shannon1949a,
    Author = {Shannon, Claude E},
    Date-Added = {2016-04-17 19:05:57 +0000},
    Date-Modified = {2016-04-17 19:06:10 +0000},
    Journal = {Bell system technical journal},
    Keywords = {cryptography},
    Number = {4},
    Pages = {656--715},
    Publisher = {Wiley Online Library},
    Title = {Communication theory of secrecy systems*},
    Volume = {28},
    Year = {1949},
    }


@article{kalman1960,
    Author = {Kalman, R E},
    Date-Modified = {2013-10-30 16:05:34 +0000},
    Journal = {Journal of Basic Engineering},
    Local-Url = {/Users/shanks/Dropbox/docs/technical_papers/papers/A New Approach to Linear Filtering and Prediction Problems_Kalman_1960.pdf},
    Number = {1},
    Pages = {35--45},
    Title = {{A New Approach to Linear Filtering and Prediction Problems}},
    Volume = {82},
    Year = {1960},
    }

@article{kalman1961,
    Author = {Kalman, R. E. and Bucy, R. S.},
    Date-Modified = {2013-10-30 16:05:34 +0000},
    Doi = {10.1115/1.3658902},
    Issn = {00219223},
    Journal = {Journal of Basic Engineering},
    Local-Url = {/Users/shanks/Dropbox/docs/technical_papers/papers/New Results in Linear Filtering and Prediction Theory_Kalman, Bucy_1961.pdf},
    Number = {1},
    Pages = {95},
    Title = {{New Results in Linear Filtering and Prediction Theory}},
    Url = {http://link.aip.org/link/JBAEAI/v83/i1/p95/s1&Agg=doi},
    Volume = {83},
    Year = {1961},
    Bdsk-Url-1 = {http://link.aip.org/link/JBAEAI/v83/i1/p95/s1&Agg=doi},
    Bdsk-Url-2 = {http://dx.doi.org/10.1115/1.3658902}}
